@book{pasp,
	Author = {Julius O. Smith},
	Title = {Physical Audio Signal Processing},
	ISBN = {9780974560724},
	Year = {2010},
	Url = {https://ccrma.stanford.edu/~jos/pasp/}}


@article{quickref, 
	Author = {Grame},
	Title = {Faust Quick Reference},
	Year = {2014},
	Url = {http://faust.grame.fr/images/faust-quick-reference.pdf}}


@article{lac_orlarey, 
	Author = {Orlarey Gr\"{a}f Kersten},
	Year = {2006},
	Title = {DSP Programming with Faust, Q and SuperCollider},
	Url = {http://lac.zkm.de/2006/papers/lac2006_orlarey_et_al.pdf}}

@article{filters,
	Author = {J. O. Smith},
	Journal = {Proc. 6th Int. Linux Audio Conf (LAC2008)},
	Title = {Virtual electric guitars and effects using Faust and Octave},
	Url = {https://ccrma.stanford.edu/~jos/pdf/LAC2008-jos.pdf},
	Year = {2008}}
